@inproceedings{protopeer,
  title={ProtoPeer: a P2P toolkit bridging the gap between simulation and live deployement},
  author={Galuba, Wojciech and Aberer, Karl and Despotovic, Zoran and Kellerer, Wolfgang},
  booktitle={Proceedings of the 2nd International Conference on Simulation Tools and Techniques},
  pages={60},
  year={2009},
  organization={ICST (Institute for Computer Sciences, Social-Informatics and Telecommunications Engineering)}
}